@book{TA,
  title={Technische Akustik},
  author={Lerch, Reinhard and Sessler, Gerhard and Wolf, Dietrich},
  isbn={9783540234302},
  year={2009},
  publisher={Springer}
}

@norm{DIN50035,
    type = {DIN},
    number = {50035:2012--09},
    title = {{Begriffe auf dem Gebiet der Alterung von Materialien -- Polymere Werkstoffe}},
    year = {2012},
    publisher = {Beuth Verlag},
    % Label must be specified explicitly, because there is no author entry it could be derived from.
    label = {DIN}
}
